@article{orio2006,
 address = {It\'alia},
 author = {Nicola Orio},
 doi = {10.1561/1500000002},
 journal = {Foundations and Trends in Information Retrieval},
 month = {Novembro},
 number = {1},
 pages = {1 -- },
 title = {{Music Retrieval: A Tutorial and Review}},
 url = {https://www.researchgate.net/publication/200806252_Music_Retrieval_A_Tutorial_and_Review},
 volume = {1},
 year = {2006}
}



@inproceedings{miletto2004,
 address = {Itaja{\'i}},
 author = {E. M. Miletto and L. L. Costalonga and L. V. Flores and E. F. Fritsch and M. S. Pimenta and R. M. Vicari},
 booktitle = {CBComp - Congresso Brasileiro de Computa{\c{c}}{\~a}o},
 issn = {1677-2822},
 number = {4},
 organization = {Anais...},
 pages = {883 -- 902},
 title = {{Minicurso: Introdu{\c{c}}{\~a}o \`a Computa{\c{c}}{\~a}o Musical}},
 url = {https://musicaeadoracao.com.br/recursos/arquivos/tecnicos/outros/computacao_musical.pdf},
 year = {2004}
}



@mastersthesis{barros2012,
 address = {Florian\'opolis},
 author = {Camila Monteiro de Barros},
 pages = {150},
 school = {Universidade Federal de Santa Catarina-UFSC},
 title = {{Representa{\c{c}}{\~a}o da Informa{\c{c}}{\~a}o Musical: Subs{\'i}dios para Recupera{\c{c}}{\~a}o da Informa{\c{c}}{\~a}o em Registros Sonoros e Partituras no Contexto Educacional e de Pesquisa}},
 type = {P\'os Gradua{\c{c}}{\~a}o em Ci\^encia da Informa{\c{c}}{\~a}o},
 year = {2012}
}



@inproceedings{downie2003,
 author = {J. Stephen Downie},
 booktitle = {Annual Review of Information Science and Technology},
 editortype = {Ed.},
 number = {37},
 organization = {Blaise Cronin},
 pages = {295 -- 340},
 publisher = {Medford, NJ: Information Today},
 title = {{Music Information Retrieval (Chapter 7)}},
 url = {http://music-ir.org/downie_mir_arist37.pdf},
 year = {2003}
}



@inproceedings{mclane1996,
 author = {Alexander McLane},
 booktitle = {Annual Review of Information Science and Technology (ARIST)},
 organization = {American Society for Information Science},
 pages = {225 -- 262},
 title = {{Music as Information}},
 volume = {31},
 year = {1996}
}



@inproceedings{santini&souza2007,
 address = {Salvador, Bahia},
 author = {Rose Marie Santini and Rosali Fernandez de Souza},
 booktitle = {VIII ENANCIB -- Encontro Nacional de Pesquisa em Ci\^encia da Informa{\c{c}}{\~a}o},
 month = {Outubro},
 organization = {Organiza{\c{c}}{\~a}o e Representa{\c{c}}{\~a}o do Conhecimento P\^oster},
 pages = {1 -- 14},
 title = {{RECUPERA{\c{C}}{\~A}O DA INFORMA{\c{C}}{\~A}O DE M\'USICA   E A CIENCIA DA INFORMA{\c{C}}{\~A}O:   Tend\^encias e desafios de pesquisa}},
 url = {http://www.enancib.ppgci.ufba.br/artigos/GT2--143.pdf},
 year = {2007}
}



@inproceedings{futrelle&downie2002,
 address = {Champaign, Illinois},
 author = {Joe Futrelle and J. Stephen Downie},
 booktitle = {The International Society of Music Information Retrieval},
 organization = {Anais eletr\^onicos...},
 pages = {1 -- 7},
 title = {{Interdisciplinary Communities and Research Issues in Music Information Retrieval}},
 url = {http://ismir2002.ismir.net/proceedings/02-FP07-3.pdf},
 year = {2002}
}



@online{daquino2012,
 author = {Fernando Daquino},
 month = {Outubro},
 title = {{A evolu{\c{c}}{\~a}o do armazenamento de m\'usicas {[}infogr\'afico{]}}},
 url = {https://www.tecmundo.com.br/infografico/30658-a-evolucao-do-armazenamento-de-musicas-infografico-.htm},
 year = {2012}
}



@book{berger&luckmann2014,
 address = {Petr\'opolis},
 author = {Peter L. Berger and Thomas Luckmann},
 edition = {36},
 isbn = {9788532605986},
 publisher = {Editora Vozes},
 title = {{A constru{\c{c}}{\~a}o social da realidade}},
 year = {2014}
}



@misc{junior&segundo2008,
 author = {Eduardo{~}J\'unior and Alonso Segundo},
 month = {Mar{\c{c}}o},
 title = {{Hist\'orico dos Banco de Dados}},
 url = {disciplinas.dcc.ufba.br/svn/MATA60/tarefa1/historico/historico.pdf%3Frevision%3D21},
 year = {2008}
}



@article{zhang2009,
 author = {Bingjun Zhang and Qiaoliang Xiang and Ye Wang and Jialie Shen},
 month = {Janeiro},
 title = {{CompositeMap: a Novel Framework for Music Similarity Measure}},
 year = {2009}
}



@article{marchi2005,
 address = {Rio de Janeiro},
 author = {Leonardo De Marchi},
 journal = {Revista E-Comp\'os},
 pages = {1 -- 19},
 publisher = {Revista da Associa{\c{c}}{\~a}o Nacional dos Programas de P\'os-Gradua{\c{c}}{\~a}o em Comunica{\c{c}}{\~a}o},
 title = {{A Ang\'ustia do Formato: uma Hist\'oria dos Formatos Fonogr\'aficos}},
 url = {http://www.e-compos.org.br/e-compos/article/viewFile/29/30},
 year = {2005}
}



@inproceedings{lima&santini2006,
 address = {Mar{\'i}lia},
 author = {CL\'OVIS RICARDO M. DE LIMA and ROSE MARIE SANTINI},
 booktitle = {VII Encontro Nacional de Pesquisa em Ci\^encia da Informa{\c{c}}{\~a}o - ENANCIB},
 title = {{O uso do Creative Commons no compartilhamento de m\'usica na internet}},
 url = {http://www2.eptic.com.br/ulepicc_brasil/arquivos/ec_limasantini.pdf},
 year = {2006}
}



@inproceedings{lima&santini2005,
 address = {Salvador},
 author = {CL\'OVIS RICARDO M. DE LIMA and ROSE MARIE SANTINI},
 booktitle = {V Encontro Latino de Economia Pol{\'i}tica da Informa{\c{c}}{\~a}o, Comunica{\c{c}}{\~a}o e Cultura},
 organization = {Salvador: Informa{\c{c}}{\~a}o, Comunica{\c{c}}{\~a}o e Uni{\~a}o Cultura},
 title = {{Difus{\~a}o de m\'usica na era da internet}},
 url = {http://www.rp-bahia.com.br/biblioteca/pdf/ClovisMontenegroDeLimaRoseSantini.pdf},
 year = {2005}
}



@manual{michels1992,
 address = {Madrid: Alianza},
 author = {Ulrich Michels},
 edition = {2},
 title = {{Atlas de m\'usica}},
 year = {1992}
}



@inproceedings{angeles2010,
 address = {Utrecht (Holanda)},
 author = {Bruno Angeles and Cory McKay and Ichiro Fujinaga},
 booktitle = {INTERNATIONAL SOCIETY FOR MUSIC INFORMATION RETRIEVAL CONFERENCE},
 organization = {Anais eletr\^onicos...},
 title = {{Discovering metadata inconsistencies}},
 url = {http://jmir.sourceforge.net/publications/ISMIR_2010_Discovering.pdf},
 year = {2010}
}



@article{pinheiro&loureito1995,
 address = {Bras{\'i}lia},
 author = {Lena V\^ania Ribeiro Pinheiro and Jos\'e Mauro Matheus Loureito},
 journal = {Ci\^encia da Informa{\c{c}}{\~a}o},
 number = {1},
 pages = {42 -- 53},
 title = {{Tra{\c{c}}ados e limites da ci\^encia da informa{\c{c}}{\~a}o}},
 url = {http://revista.ibict.br/index.php/ciinf/article/view/531/483},
 volume = {24},
 year = {1995}
}



@inproceedings{almeida2007,
 address = {Recife/PE},
 author = {Maria Christina Barbosa de Almeida},
 booktitle = {Informa{\c{c}}{\~a}o e contemporaneidade: perspectivas},
 editor = {Marilda Lopes Ginez de Lara and Asa Fujino and Daisy Pires Noronha},
 editortype = {Org.},
 organization = {Programa de P\'os-Gradua{\c{c}}{\~a}o em Ci\^encia da Informa{\c{c}}{\~a}o},
 pages = {253 -- 272},
 title = {{A informa{\c{c}}{\~a}o nas \'areas de arte: um olhar al\'em das pr\'aticas}},
 url = {http://www2.eca.usp.br/nucleos/colabori/documentos/Infoeducacao.pdf},
 year = {2007}
}



@article{setzer2001,
 abstract = {Depto. de Ci\^encia da Computa{\c{c}}{\~a}o, Universidade de S{\~a}o Paulo},
 address = {S{\~a}o Paulo},
 author = {Valdemar W. Setzer},
 journal = {Datagrama},
 pages = {1 -- 14},
 title = {{Dado, Informa{\c{c}}{\~a}o, Conhecimento e Compet\^encia}},
 url = {http://www.ime.usp.br/%7Evwsetzer/dado-info.html},
 volume = {10},
 year = {2001}
}



@phdthesis{barioni2006,
 address = {S{\~a}o Carlos},
 author = {Maria Camila Nardini Barioni},
 pages = {170},
 school = {Instituto de Ci\^encias Matem\'aticas e de Computa{\c{c}}{\~a}o - ICMC-USP},
 title = {{Opera{\c{c}}{\~o}es de consulta por similaridade em grandes bases de dados complexos}},
 type = {Ci\^encias de Computa{\c{c}}{\~a}o e Matem\'atica Computacional},
 year = {2006}
}



@online{wolff2008,
 address = {Pato Branco},
 author = {Jozieli Wolff},
 month = {Outubro},
 title = {{A import\^ancia da m\'usica na vida das pessoas}},
 url = {http://www.fadep.br/07/10/2008/646/a-importancia-da-musica-na-vida-das-pessoas/},
 year = {2008}
}



@mastersthesis{cruz2014,
 address = {Porto Alegre},
 author = {Luiz Fernando Cruz},
 pages = {79},
 school = {Universidade Federal do Rio Grande do Sul},
 title = {{Um M\'etodo para Recupera{\c{c}}{\~a}o de Composi{\c{c}}{\~o}es Polif\^onicas aplicado na Busca de Tablaturas Textuais da Web}},
 type = {Ci\^encia da Computa{\c{c}}{\~a}o},
 year = {2014}
}



@monography{gomes2015,
 address = {Bras{\'i}lia},
 author = {Ana Carolina Fraz{\~a}o Gomes},
 pages = {101},
 school = {Universidade de Bras{\'i}lia},
 title = {{Representa{\c{c}}{\~a}o da informa{\c{c}}{\~a}o musical: uma an\'alise \`a luz dos Requisitos Funcionais para Dados de Autoridade (FRAD)}},
 type = {Biblioteconomia},
 year = {2015}
}



@mastersthesis{ono2015,
 address = {S{\~a}o Carlos},
 author = {Jorge Henrique Piazentin Ono},
 pages = {104},
 school = {Instituto de Ci\^encias Matem\'aticas e de Computa{\c{c}}{\~a}o - ICMC-USP},
 title = {{Visualiza{\c{c}}{\~a}o de similaridade em bases de dados de m\'usica}},
 type = {Ci\^encias de Computa{\c{c}}{\~a}o e Matem\'atica Computacional},
 year = {2015}
}



@book{wazlawick2014,
 address = {Rio de Janeiro},
 author = {Raul Sidnei Wazlawick},
 edition = {2},
 isbn = {9788535277821},
 publisher = {Elsevier},
 title = {{Metodologia de pesquisa para ci\^encia da computa{\c{c}}{\~a}o}},
 year = {2014}
}



@phdthesis{silva&menezes2005,
 address = {Florian\'opolis},
 author = {Edna L\'ucia da Silva and Estera Muszkat Menezes},
 note = {4. ed. rev. atual.},
 pages = {138},
 school = {UFSC},
 title = {{Metodologia da Pesquisa e Elabora{\c{c}}{\~a}o de Disserta{\c{c}}{\~a}o}},
 type = {Programa de P\'os-Gradua{\c{c}}{\~a}o em Engenharia de Produ{\c{c}}{\~a}o},
 url = {https://projetos.inf.ufsc.br/arquivos/Metodologia_de_pesquisa_e_elaboracao_de_teses_e_dissertacoes_4ed.pdf},
 year = {2005}
}
